<?xml version="1.0" encoding="UTF-8"?><collection xmlns="http://www.loc.gov/MARC21/slim"><record><leader>00451nam--2200157-i-4500</leader><controlfield tag="001">000003432</controlfield><controlfield tag="002">20161230</controlfield><controlfield tag="005">20170306230700</controlfield><controlfield tag="008">060222s1000------------r-----000-0-eng-d</controlfield><datafield ind1=" " ind2=" " tag="100"><subfield code="a">Denis-Papin, Maurice</subfield></datafield><datafield ind1=" " ind2=" " tag="245"><subfield code="a">Metrologie generale. (grandeurs et unites) 2-e edition corrigee et augmentee</subfield></datafield><datafield ind1=" " ind2=" " tag="260"><subfield code="a">Paris</subfield><subfield code="b">Dunod</subfield><subfield code="c">1948</subfield></datafield><datafield ind1=" " ind2=" " tag="300"><subfield code="a">XCVI+428+XLVI p</subfield></datafield><datafield ind1=" " ind2=" " tag="490"><subfield code="a">Aide-memoire Dunod</subfield></datafield><datafield ind1=" " ind2=" " tag="700"><subfield code="a">Vallot, Jacques</subfield></datafield><datafield ind1=" " ind2=" " tag="CAT"><subfield code="a">SYS</subfield><subfield code="c">20170306</subfield><subfield code="h">230700</subfield></datafield></record></collection>